
@incollection{Barenco,
  author      = {A. Barenco},
  title       = {Quantum computation: an introduction},
  editor = {Lo, Hoi-Kwong and Popescu, Sandu and Spiller, Tim},
 booktitle = {Introduction to Quantum Computation Information},
 year = {1998},
 isbn = {981024410X},
 publisher = {World Scientific Publishing Co., Inc.},
  pages       = "143-183",
  chapter     = 10,
}

@inbook{Nielsen,
 author = {Nielsen, Michael A. and Chuang, Isaac L.},
 title = {Quantum Computation and Quantum Information},
 year = {2000},
 isbn = {1107002176, 9781107002173},
 publisher = {Cambridge University Press},
 chapter = 1,
} 
